@online{ccert,
  organization = {CARNEIGE MELLON UNIVERSITY},
  title = {C Coding Standard},
  year = 2016,
  url = {https://resources.sei.cmu.edu/downloads/secure-coding/assets/sei-cert-c-coding-standard-2016-v01.pdf},
  urlaccessdate = {28 mar. 2019},
}

@online{cppcheck,
  author = {Daniel Marjam√§ki},
  title = {Cppcheck Design},
  year = 2010,
  url = {https://sourceforge.net/projects/cppcheck/files/Articles/cppcheck-design-2010.pdf/download},
  urlaccessdate = {28 mar. 2019},
}

@online{lgtm,
  author = {Oege de Moor},
  title = {Open results on LGTM: The key to securing open source},
  year = {2019},
  url = {https://lgtm.com/blog/open\_results\_on\_lgtm},
  urlaccessdate = {05 jun. 2019},
}

@online{flawfinder,
  author = {David A. Wheeler},
  title = {Flawfinder},
  year = 2010,
  url = {https://dwheeler.com/flawfinder/},
  urlaccessdate = {28 mar. 2019},
}

@online{redhat,
  organization = {RedHat Developer},
  title = {Secure Coding},
  year = 2019,
  url = {https://developers.redhat.com/topics/secure-coding/},
  urlaccessdate = {05 jun. 2019},
}

@online{certhistory,
  author = {Will Snavely},
  title = {SEI CERT C Coding Standard History},
  year = 2016,
  url = {https://wiki.sei.cmu.edu/confluence/display/c/History},
  urlaccessdate = {05 jun. 2019},
}

@online{owaspscat,
  organization = {OWASP},
  title = {Source Code Analysis Tools},
  year = 2019,
  url = {https://www.owasp.org/index.php/Source\_Code\_Analysis\_Tools},
  urlaccessdate = {05 jun. 2019},
}

@Book{ISO-C,
  author =       "{ISO}",
  title =        "{ISO\slash IEC 9899:2011 Information technology ---
                 Programming languages --- C}",
  publisher =    pub-ISO,
  pages =        "683 (est.)",
  day =          "8",
  month =        dec,
  year =         "2011",
  bibdate =      "Mon Dec 19 11:12:12 2011",
  bibsource =    "http://www.math.utah.edu/pub/tex/bib/isostd.bib;
                 http://www.math.utah.edu/pub/tex/bib/mathcw.bib",
  URL =          "http://www.iso.org/iso/iso\-\_catalogue/catalogue\_tc/catalogue\_detail.htm?csnumber=57853",
  remark =       "Revises ISO/IEC 9899:1999, ISO/IEC 9899:1999/Cor
                 1:2001, ISO/IEC 9899:1999/Cor 2:2004, and ISO/IEC
                 9899:1999/Cor 3:2007.",
}

@book{seacord2005secure,
  title={Secure Coding in C and C++},
  author={Seacord, R.C.},
  isbn={9780768685138},
  url={https://books.google.com.br/books?id=jfn1IAN3dvwC},
  year={2005},
  publisher={Pearson Education}
}
